%% LaTeX2e file `mytestbib.bib'
%% generated by the `filecontents' environment
%% from source `3G1' on 2018/11/07.
%%
@book{goossens93,
    author = "Cambridge University Department of Engineering",
    title = "3G1 Laboratory: Investigating the lac Operon",
    year = "2017",
    publisher = "University of Cambridge",
}
@book{permease,
    author = "Crandall, M; Koch, A.L",
    title = "Temperature-Sensitive Mutants of Escherichia Coli Affecting Beta-Galactoside Transport",
    year = "1971",
    publisher = "Journal of Bacteriology. 105 (2): 609-19",
}
@book{miller,
    author = "Miller JH",
    title = "A Short Course In Bacterial Genetics: A Laboratory Manual And Handbook For Escherichia Coli And Related Bacteria",
    year = "1992",
    publisher = "Trends in Biochemical Sciences-Library Compendium, 18:193",
}
